@techreport{araujo2023,
  author    = {De Araújo, W. P.},
  title     = {A utilização de funções quadráticas no lançamento de foguete de garrafa PET},
  institution = {Universidade Federal do Piauí},
  year      = {2023}
}

@inproceedings{yukimitsu2020,
  author    = {Yukimitsu, G.},
  title     = {Automação de uma base lançadora de foguetes com propulsão hidrostática para participação em olimpíadas},
  booktitle = {Anais do CONICT - Congresso de Inovação, Ciência e Tecnologia},
  year      = {2020},
  address   = {Campinas, SP},
  publisher = {Instituto Federal de Educação, Ciência e Tecnologia de São Paulo},
  url       = {https://ocs.ifsp.edu.br/conict/xiconict/paper/view/6690/1754},
  urldate   = {2025-05-04}
}

@article{guimaraes2020foguete,
  author    = {Guimarães, Sara and Francisco, Glaydson},
  title     = {Automação para a base de lançamento de um foguete PET com redução de torque},
  journal   = {Revista Científica Multidisciplinar Núcleo do Conhecimento},
  volume    = {2},
  number    = {8},
  year      = {2020},
  url       = {https://www.nucleodoconhecimento.com.br/engenharias/foguete-pet}
}

@techreport{coppola2017,
  author    = {Coppola, B. W. and Izola, D. T.},
  title     = {Cálculos para aprimoração e desenvolvimento de um foguete de garrafa PET propulsionado por água pressurizada},
  institution = {Centro Universitário Hermínio Ometto de Araras},
  year      = {2017}
}

@book{axelson2007,
  author    = {Axelson, J.},
  title     = {Embedded Systems Programming and Microcontrollers},
  publisher = {Lakeview Research},
  year      = {2007}
}

@misc{tigre_soldavel,
  author    = {{TIGRE S.A.}},
  title     = {Linha Soldável Tigre: tubos e conexões de PVC rígido para água fria},
  howpublished = {Joinville: Tigre, [s.d.]},
  url       = {https://telhanorte.vteximg.com.br/arquivos/LinhaSoldavelTigre.pdf}
}

@misc{nar2012safety,
  author    = {{National Association of Rocketry}},
  title     = {Model Rocket Safety Code},
  year      = {2012},
  url       = {https://www.nar.org/safety-information/model-rocket-safety-code/}
}

@techreport{ons2016,
  author    = {{Operador Nacional do Sistema Elétrico (ONS)}},
  title     = {Obtenção da Margem Mínima de Segurança de Estabilidade de Tensão de Sistemas Elétricos de Potência},
  year      = {2016},
  url       = {https://www.cgti.org.br/publicacoes/wp-content/uploads/2016/03/OBTENC%CC%A7A%CC%83O-DA-MARGEM-MI%CC%81NIMA-DE-SEGURANC%CC%A7A-DE-ESTABILIDADE-DE-TENSA%CC%83O-DE-SISTEMAS-ELE%CC%81TRICOS-DE-POTE%CC%82NCIA.pdf}
}

@book{barr2006,
  author    = {Barr, M. and Massa, A.},
  title     = {Programming Embedded Systems: With C and GNU Development Tools},
  publisher = {O'Reilly Media},
  year      = {2006}
}

@book{pmbok2017,
  author    = {{Project Management Institute}},
  title     = {Um guia do conhecimento em gerenciamento de projetos (Guia PMBOK)},
  edition   = {6},
  year      = {2017},
  address   = {Newtown Square, PA},
  publisher = {Project Management Institute},
  note      = {Tradução oficial}
}

@book{plett2015,
  author    = {Plett, Gregory P.},
  title     = {Battery Management Systems for Large Lithium-Ion Battery Packs},
  publisher = {Artech House},
  year      = {2015}
}

@techreport{nasa2016,
  author    = {{NASA}},
  title     = {NASA Systems Engineering Handbook (NASA/SP-2016-6105 Rev2)},
  year      = {2016},
  url       = {https://explorers.larc.nasa.gov/2023ESE/pdf_files/NASA04.%20SysEng%20Handbook%20(NASA_SP-2016-6105%20Rev%202).pdf}
}


% 
\section{Referências}
\begin{itemize}
    \item TIGRE S.A. Linha Soldável Tigre: tubos e conexões de PVC rígido para água fria. Joinville: Tigre, [s.d.]. Disponível em: \\
    \texttt{https://telhanorte.vteximg.com.br/arquivos/LinhaSoldavelTigre.pdf}
    \item Coppola, B. W.; Izola, D. T. Cálculos para aprimoração e desenvolvimento de um foguete de garrafa PET propulsionado por água pressurizada. Centro Universitário Hermínio Ometto de Araras, 2017.
    \item De Araújo, W. P. A utilização de funções quadráticas no lançamento de foguete de garrafa PET. Universidade Federal do Piauí, 2023. 
\end{itemize}


% Energia
    \item Barr, M., \& Massa, A. (2006). \textit{Programming Embedded Systems: With C and GNU Development Tools}. O'Reilly Media.
    \item Axelson, J. (2007). \textit{Embedded Systems Programming and Microcontrollers}. Lakeview Research.
    \item Operador Nacional do Sistema Elétrico (ONS). (2016). \textit{Obtenção da Margem Mínima de Segurança de Estabilidade de Tensão de Sistemas Elétricos de Potência}. Disponível em: \url{https://www.cgti.org.br/publicacoes/wp-content/uploads/2016/03/OBTENC%CC%A7A%CC%83O-DA-MARGEM-MI%CC%81NIMA-DE-SEGURANC%CC%A7A-DE-ESTABILIDADE-DE-TENSA%CC%83O-DE-SISTEMAS-ELE%CC%81TRICOS-DE-POTE%CC%82NCIA.pdf}


